@book{boschini2022,
  author    = {Cecilia Boschini and Arne Hansen and Stefan Wolf},
  title     = {Discrete Mathematics},
  year      = {2022},
  publisher = {vdf Hochschulverlag AG an der ETH ZÃ¼rich},
  isbn      = {9783728141101},
  doi       = {10.3218/4110-1},
  url       = {https://vdf.ch/discrete-mathematics-e-book.html},
}